<?xml version="1.0" encoding="UTF-8"?>
<record>
  <leader>01430cam a2200361Ii 4500</leader>
  <controlfield tag="005">20220531213022.0</controlfield>
  <controlfield tag="007">cr |||||||||||</controlfield>
  <controlfield tag="008">211020s2021    gw      o     ||1 0 ger d</controlfield>
  <controlfield tag="001">991002103529706485</controlfield>
  <datafield tag="020" ind1=" " ind2=" ">
    <subfield code="a">9783838557823</subfield>
  </datafield>
  <datafield tag="020" ind1=" " ind2=" ">
    <subfield code="a">3838557824</subfield>
  </datafield>
  <datafield tag="035" ind1=" " ind2=" ">
    <subfield code="a">(DE-836)1277506540-49hbz_fhm</subfield>
  </datafield>
  <datafield tag="035" ind1=" " ind2=" ">
    <subfield code="a">(OCoLC)1277506540</subfield>
  </datafield>
  <datafield tag="040" ind1=" " ind2=" ">
    <subfield code="a">DEFHM</subfield>
    <subfield code="b">ger</subfield>
    <subfield code="e">rda</subfield>
    <subfield code="c">DEFHM</subfield>
    <subfield code="d">DEFHM</subfield>
  </datafield>
  <datafield tag="049" ind1=" " ind2=" ">
    <subfield code="a">MAIN</subfield>
  </datafield>
  <datafield tag="100" ind1="1" ind2=" ">
    <subfield code="a">Wabnitz, Reinhard Joachim</subfield>
    <subfield code="d">1952-</subfield>
    <subfield code="e">Verfasser.</subfield>
    <subfield code="4">aut</subfield>
  </datafield>
  <datafield tag="245" ind1="1" ind2="0">
    <subfield code="a">Grundkurs Kinder- und Jugendhilferecht für die Soziale Arbeit :</subfield>
    <subfield code="b">mit 62 Übersichten, 3 Tabellen, 14 Fallbeispielen und Musterlösungen /</subfield>
    <subfield code="c">Reinhard Joachim Wabnitz.</subfield>
  </datafield>
  <datafield tag="250" ind1=" " ind2=" ">
    <subfield code="a">7., aktualisierte Auflage.</subfield>
  </datafield>
  <datafield tag="264" ind1=" " ind2="1">
    <subfield code="a">München :</subfield>
    <subfield code="b">Ernst Reinhardt Verlag,</subfield>
    <subfield code="c">[2021]</subfield>
  </datafield>
  <datafield tag="300" ind1=" " ind2=" ">
    <subfield code="a">1 Online-Ressource (183 Seiten) :</subfield>
    <subfield code="b">Illustrationen.</subfield>
  </datafield>
  <datafield tag="336" ind1=" " ind2=" ">
    <subfield code="a">Text</subfield>
    <subfield code="b">txt</subfield>
    <subfield code="2">rdacontent/ger</subfield>
  </datafield>
  <datafield tag="337" ind1=" " ind2=" ">
    <subfield code="a">Computermedien</subfield>
    <subfield code="b">c</subfield>
    <subfield code="2">rdamedia/ger</subfield>
  </datafield>
  <datafield tag="338" ind1=" " ind2=" ">
    <subfield code="a">Online-Ressource</subfield>
    <subfield code="b">cr</subfield>
    <subfield code="2">rdacarrier/ger</subfield>
  </datafield>
  <datafield tag="490" ind1="0" ind2=" ">
    <subfield code="a">UTB ;</subfield>
    <subfield code="v">2878 ;</subfield>
    <subfield code="v">Soziale Arbeit</subfield>
  </datafield>
  <datafield tag="590" ind1=" " ind2=" ">
    <subfield code="a">Subsequent record output</subfield>
    <subfield code="b">utb studi-e-book</subfield>
    <subfield code="9">LOCAL</subfield>
  </datafield>
  <datafield tag="590" ind1=" " ind2=" ">
    <subfield code="a">Subsequent record output</subfield>
    <subfield code="b">IntroxK2</subfield>
    <subfield code="9">LOCAL</subfield>
  </datafield>
  <datafield tag="590" ind1=" " ind2=" ">
    <subfield code="a">Subsequent record output</subfield>
    <subfield code="b">WorldCat Holdings</subfield>
    <subfield code="9">LOCAL</subfield>
  </datafield>
  <datafield tag="611" ind1="2" ind2="7">
    <subfield code="a">BMBF-Statusseminar</subfield>
    <subfield code="2">gnd</subfield>
  </datafield>
  <datafield tag="650" ind1=" " ind2="7">
    <subfield code="a">Jugendhilferecht</subfield>
    <subfield code="2">gnd</subfield>
  </datafield>
  <datafield tag="650" ind1=" " ind2="7">
    <subfield code="a">Sozialarbeit</subfield>
    <subfield code="2">gnd</subfield>
  </datafield>
  <datafield tag="776" ind1="0" ind2="8">
    <subfield code="i">Erscheint auch als:</subfield>
    <subfield code="n">Druck-Ausgabe</subfield>
    <subfield code="z">9783825257828</subfield>
  </datafield>
  <datafield tag="856" ind1="4" ind2="0">
    <subfield code="u">https://ezproxy.fh-muenster.de/login?url=https://elibrary.utb.de/doi/book/10.36198/9783838557823</subfield>
  </datafield>
  <datafield tag="935" ind1=" " ind2=" ">
    <subfield code="a">(OCoLC)on1277506540</subfield>
    <subfield code="9">ExL</subfield>
    <subfield code="9">LOCAL</subfield>
  </datafield>
  <datafield tag="994" ind1=" " ind2=" ">
    <subfield code="a">92</subfield>
    <subfield code="b">DEFHM</subfield>
  </datafield>
  <datafield tag="MBD" ind1=" " ind2=" ">
    <subfield code="M">49HBZ_FHM</subfield>
    <subfield code="i">991002103529706485</subfield>
    <subfield code="n">FH / KA Münster</subfield>
  </datafield>
  <datafield tag="MNG" ind1=" " ind2=" ">
    <subfield code="f">ILS</subfield>
    <subfield code="i">marc21</subfield>
    <subfield code="k">01</subfield>
    <subfield code="e">false</subfield>
    <subfield code="g">1277506540-49hbz_fhm</subfield>
    <subfield code="j">00</subfield>
    <subfield code="a">import</subfield>
    <subfield code="b">2022-07-06 07:14:34 Europe/Berlin</subfield>
  </datafield>
  <datafield tag="POR" ind1=" " ind2=" ">
    <subfield code="j">UTB GmbH</subfield>
    <subfield code="x">System</subfield>
    <subfield code="a">5340242020006485</subfield>
    <subfield code="h">fhms-ez</subfield>
    <subfield code="M">49HBZ_FHM</subfield>
    <subfield code="p">6148708690006485</subfield>
    <subfield code="q">UTB studi-e-book</subfield>
    <subfield code="c">param</subfield>
    <subfield code="o">613230000000000147</subfield>
    <subfield code="y">2022-07-27 16:37:48 Europe/Berlin</subfield>
    <subfield code="w">2022-07-06 15:25:09 Europe/Berlin</subfield>
    <subfield code="D">https://eu04.alma.exlibrisgroup.com/view/uresolver/49HBZ_NETWORK/openurl?u.ignore_date_coverage=true&amp;portfolio_pid=5340242020006485&amp;Force_direct=true</subfield>
    <subfield code="v">P2E_JOB</subfield>
    <subfield code="z">2022-07-06 13:25:09</subfield>
    <subfield code="i">true</subfield>
    <subfield code="S">6248708680006485</subfield>
    <subfield code="d">https://hbz-network.userservices.exlibrisgroup.com/view/uresolver/49HBZ_NETWORK/openurl?u.ignore_date_coverage=true&amp;rft.mms_id=991002103529706485</subfield>
    <subfield code="b">Available</subfield>
    <subfield code="f">BOOK</subfield>
    <subfield code="8">5340242020006485</subfield>
  </datafield>
</record>
